@article{yin2019quaternion,
	title={Quaternion convolutional neural network for color image classification and forensics},
	author={Yin, Qilin and Wang, Jinwei and Luo, Xiangyang and Zhai, Jiangtao and Jha, Sunil Kr and Shi, Yun-Qing},
	journal={IEEE Access},
	volume={7},
	pages={20293--20301},
	year={2019},
	publisher={IEEE}
}


@article{hsu2018quatnet,
	title={Quatnet: Quaternion-based head pose estimation with multiregression loss},
	author={Hsu, Heng-Wei and Wu, Tung-Yu and Wan, Sheng and Wong, Wing Hung and Lee, Chen-Yi},
	journal={IEEE Transactions on Multimedia},
	volume={21},
	number={4},
	pages={1035--1046},
	year={2018},
	publisher={IEEE}
}


@inproceedings{parcollet2019quaternion,
	title={Quaternion convolutional neural networks for heterogeneous image processing},
	author={Parcollet, Titouan and Morchid, Mohamed and Linar{\`e}s, Georges},
	booktitle={ICASSP 2019-2019 IEEE International Conference on Acoustics, Speech and Signal Processing (ICASSP)},
	pages={8514--8518},
	year={2019},
	organization={IEEE}
}


@inproceedings{batabyal2015ugrasp,
	title={Ugrasp: A unified framework for activity recognition and person identification using graph signal processing},
	author={Batabyal, Tamal and Vaccari, Andrea and Acton, Scott T},
	booktitle={2015 IEEE International Conference on Image Processing (ICIP)},
	pages={3270--3274},
	year={2015},
	organization={IEEE}
}


@article{thanou2016graph,
	title={Graph-based compression of dynamic 3D point cloud sequences},
	author={Thanou, Dorina and Chou, Philip A and Frossard, Pascal},
	journal={IEEE Transactions on Image Processing},
	volume={25},
	number={4},
	pages={1765--1778},
	year={2016},
	publisher={IEEE}
}


@book{rabiner2010theory,
	title={Theory and applications of digital speech processing},
	author={Rabiner, Lawrence and Schafer, Ronald},
	year={2010},
	publisher={Prentice Hall Press}
}


@article{vergin1999generalized,
	title={Generalized mel frequency cepstral coefficients for large-vocabulary speaker-independent continuous-speech recognition},
	author={Vergin, Rivarol and O'Shaughnessy, Douglas and Farhat, Azarshid},
	journal={IEEE Transactions on speech and audio processing},
	volume={7},
	number={5},
	pages={525--532},
	year={1999},
	publisher={IEEE}
}


@article{graf2015features,
	title={Features for voice activity detection: a comparative analysis},
	author={Graf, Simon and Herbig, Tobias and Buck, Markus and Schmidt, Gerhard},
	journal={EURASIP Journal on Advances in Signal Processing},
	volume={2015},
	number={1},
	pages={91},
	year={2015},
	publisher={Springer}
}


@book{oppenheim1999discrete,
  title={Discrete-time signal processing},
  author={Oppenheim, Alan V},
  year={1999},
  publisher={Pearson Education India}
}


@inproceedings{lee1948eigenvalues,
	title={Eigenvalues and canonical forms of matrices with quaternion coefficients},
	author={Lee, Hwa-Chung},
	booktitle={Proceedings of the Royal Irish Academy. Section A: Mathematical and Physical Sciences},
	volume={52},
	pages={253--260},
	year={1948},
	organization={JSTOR}
}


@inproceedings{zhang2019quaternion,
	title={Quaternion knowledge graph embeddings},
	author={Zhang, Shuai and Tay, Yi and Yao, Lina and Liu, Qi},
	booktitle={Advances in Neural Information Processing Systems},
	pages={2735--2745},
	year={2019}
}

@inproceedings{jiang2014general,
	title={A general quaternion-valued gradient operator and its applications to computational fluid dynamics and adaptive beamforming},
	author={Jiang, Mengdi and Liu, Wei and Li, Yi},
	booktitle={2014 19th International Conference on Digital Signal Processing},
	pages={821--826},
	year={2014},
	organization={IEEE}
}

@inproceedings{jiang2013frequency,
	title={Frequency-domain quaternion-valued adaptive filtering and its application to wind profile prediction},
	author={Jiang, Mengdi and Liu, Wei and Li, Yi and Zhang, Xirui},
	booktitle={2013 IEEE International Conference of IEEE Region 10 (TENCON 2013)},
	pages={1--5},
	year={2013},
	organization={IEEE}
}

@article{ricaud2019fourier,
	title={Fourier could be a data scientist: From graph Fourier transform to signal processing on graphs},
	author={Ricaud, Benjamin and Borgnat, Pierre and Tremblay, Nicolas and Gon{\c{c}}alves, Paulo and Vandergheynst, Pierre},
	journal={Comptes Rendus Physique},
	volume={20},
	number={5},
	pages={474--488},
	year={2019},
	publisher={Elsevier}
}

@incollection{kleiner2007history,
	doi = {10.1007/978-0-8176-4685-1_3},
	url = {https://doi.org/10.1007/978-0-8176-4685-1_3},
	publisher = {Birkh\"{a}user Boston},
	pages = {41--61},
	year= {2007},
	author = {Israel Kleiner},
	title = {History of Ring Theory},
	booktitle = {A History of Abstract Algebra}
}

@article{de2000right,
	title={Right eigenvalue equation in quaternionic quantum mechanics},
	author={De Leo, S. and Scolarici, G.},
	journal={Journal of Physics A: Mathematical and General},
	volume={33},
	number={15},
	pages={2971},
	year={2000},
	publisher={IOP Publishing}
}


@article{flamant2017time,
	title={Time--frequency analysis of bivariate signals},
	author={Flamant, J. and Le Bihan, N. and Chainais, P.},
	journal={Appl. Comput. Harmon. Anal.},
	year={2017},
	publisher={Elsevier}
}


@inproceedings{pei2010eigenfunctions,
	title={Eigenfunctions, eigenvalues, and fractionalization of the quaternion and biquaternion fourier transforms},
	author={Pei, S.-C. and Ding, J.-J. and Chang, K.-W.},
	booktitle={2010 18th European Signal Processing Conference},
	pages={1874--1878},
	year={2010},
	organization={IEEE}
}

@book{ward2012quaternions,
	title={Quaternions and Cayley numbers: Algebra and applications},
	author={Ward, Joseph Patrick},
	volume={403},
	year={2012},
	publisher={Springer Science \& Business Media}
}


@article{de2002quaternionic,
	title={Quaternionic eigenvalue problem},
	author={De Leo, Stefano and Scolarici, Giuseppe and Solombrino, Luigi},
	journal={J. Math. Phys.},
	volume={43},
	number={11},
	pages={5815--5829},
	year={2002},
	publisher={AIP}
}

@article{hamilton1837theory,
	title={Theory of conjugate functions, or algebraic couples; with a preliminary and elementary essay on algebra as the science of pure time},
	author={Hamilton, W. R.},
	journal={Transactions of the Royal Irish Academy},
	volume={17},
	number={part 1},
	pages={293--422},
	year={1837}
}

@article{santos2011algebra,
	title={\'Algebra de Quaternions},
	author={Santos, J. S. and Ferreira, M. A.},
	year={2011}
}

@inproceedings{jiang2013frequency,
	title={Frequency-domain quaternion-valued adaptive filtering and its application to wind profile prediction},
	author={Jiang, M. and Liu, W. and Li, Y. and Zhang, X.},
	booktitle={2013 IEEE International Conference of IEEE Region 10 (TENCON 2013)},
	pages={1--5},
	year={2013},
	organization={IEEE}
}


@article{chen2018shift,
	title={Shift-enabled graphs: Graphs where shift-invariant filters are representable as polynomials of shift operations},
	author={Chen, L. and Cheng, S. and Stankovic, V. and Stankovic, L.},
	journal={IEEE Signal Processing Letters},
	volume={25},
	number={9},
	pages={1305--1309},
	year={2018},
	publisher={IEEE}
}


@article{ortega2018graph,
	title={Graph signal processing: Overview, challenges, and applications},
	author={Ortega, Antonio and Frossard, Pascal and Kova{\v{c}}evi{\'c}, Jelena and Moura, Jos{\'e} MF and Vandergheynst, Pierre},
	journal={Proceedings of the IEEE},
	volume={106},
	number={5},
	pages={808--828},
	year={2018},
	publisher={IEEE}
}


@article{dees2019unitary,
	title={Unitary Shift Operators on a Graph},
	author={Dees, B. S.and Stankovic, L. and Dakovic, M. and Constantinides, A. G. and Mandic, D. P.},
	journal={arXiv:1909.05767 (preprint)},
	year={2019}
}

@article{figueiredo2018,
	Author = {Lima, J. B. and de Oliveira Neto, J. R. and Figueiredo, R. B. D.},
	Date-Added = {2019-09-16 14:08:33 -0300},
	Date-Modified = {2019-09-16 14:09:34 -0300},
	Journal = {Optik},
	Month = {July},
	Pages = {388-394},
	Title = {A unified approach for defining random discrete fractional transforms},
	Volume = {165},
	Year = {2018}}

@article{silva2018,
	Author = {da Silva Jr., L. C. and Lima, J. B.},
	Date-Added = {2019-09-16 11:47:27 -0300},
	Date-Modified = {2019-09-16 14:11:48 -0300},
	Journal = {Circuits, Systems and Signal Processing},
	Month = {December},
	Number = {12},
	Pages = {5486-5506},
	Title = {The Quaternion {Fourier} Number Transform},
	Volume = {37},
	Year = {2018}}

@article{lima2013,
	Author = {Lima, J. B. and Campello de Souza, R. M.},
	Date-Added = {2019-09-16 11:41:34 -0300},
	Date-Modified = {2019-09-16 14:10:03 -0300},
	Journal = {Linear Algebra and its Applications},
	Month = {April},
	Number = {8},
	Pages = {3217-3230},
	Title = {Fractional cosine and sine transforms over finite fields},
	Volume = {438},
	Year = {2013}}

@article{hsue2018enhancing,
	Author = {Hsue, Wen-Liang},
	Journal = {IEEE Transactions on Circuits and Systems II: Express Briefs},
	Publisher = {IEEE},
	Title = {Enhancing Security of Double Random Phase Encryption Schemes Based on Discrete Fractional {Fourier} Transforms},
	Year = {2018}}

@article{roopkumar2016quaternionic,
	Author = {Roopkumar, Rajakumar},
	Journal = {Optik},
	Number = {24},
	Pages = {11657--11661},
	Publisher = {Elsevier},
	Title = {Quaternionic one-dimensional fractional {Fourier} transform},
	Volume = {127},
	Year = {2016}}

@article{wei2013different,
	Author = {Wei, Deyun and Li, Yuanmin},
	Journal = {Optik},
	Number = {24},
	Pages = {6999--7002},
	Publisher = {Elsevier},
	Title = {Different forms of {Plancherel} theorem for fractional quaternion {Fourier} transform},
	Volume = {124},
	Year = {2013}}

@article{singh2008optical,
	Author = {Singh, Narendra and Sinha, Aloka},
	Journal = {Optics and Lasers in Engineering},
	Number = {2},
	Pages = {117--123},
	Publisher = {Elsevier},
	Title = {Optical image encryption using fractional {Fourier} transform and chaos},
	Volume = {46},
	Year = {2008}}

@article{tao2010image,
	Author = {Tao, Ran and Meng, Xiang-Yi and Wang, Yue},
	Journal = {{IEEE} Trans. Inf. Forensics Security},
	Number = {4},
	Pages = {734--738},
	Publisher = {IEEE},
	Title = {Image encryption with multiorders of fractional {Fourier} transforms},
	Volume = {5},
	Year = {2010}}

@article{kang2018color,
	Author = {Kang, Xuejing and Tao, Ran},
	Journal = {{IEEE} Trans. Circuits Syst. Video Technol.},
	Publisher = {IEEE},
	Title = {Color image encryption using pixel scrambling operator and reality-preserving {MPFRHT}},
	Year = {2018}}

@article{kang2018reality,
	Author = {Kang, Xuejing and Ming, Anlong and Tao, Ran},
	Journal = {IEEE Transactions on Circuits and Systems for Video Technology},
	Number = {6},
	Pages = {1595--1607},
	Publisher = {IEEE},
	Title = {Reality-preserving multiple parameter discrete fractional angular transform and its application to color image encryption},
	Volume = {29},
	Year = {2018}}

@article{zhang1997quaternions,
	Author = {Zhang, Fuzhen},
	Journal = {Linear algebra and its applications},
	Pages = {21--57},
	Publisher = {Elsevier},
	Title = {Quaternions and matrices of quaternions},
	Volume = {251},
	Year = {1997}}

@article{farid2011eigenvalues,
	Author = {Farid, FO and Wang, Qing-Wen and Zhang, Fuzhen},
	Journal = {Lin. Multilin. Alg.},
	Number = {4},
	Pages = {451--473},
	Publisher = {Taylor \& Francis},
	Title = {On the eigenvalues of quaternion matrices},
	Volume = {59},
	Year = {2011}}

@article{flaut2002eigenvalues,
	Author = {Flaut, Cristina},
	Journal = {Analele Stiintifice ale Universitatii ``Ovidius'', Constanta},
	Number = {2},
	Pages = {39--44},
	Title = {Eigenvalues and eigenvectors for the quaternion matrices of degree two},
	Volume = {10},
	Year = {2002}}

@article{jiang2004algorithm,
	Author = {Jiang, Tongsong},
	Journal = {Journal of mathematical physics},
	Number = {8},
	Pages = {3334--3338},
	Publisher = {AIP},
	Title = {An algorithm for eigenvalues and eigenvectors of quaternion matrices in quaternionic quantum mechanics},
	Volume = {45},
	Year = {2004}}

@article{ell2007hypercomplex,
	Author = {Ell, Todd A and Sangwine, Stephen J},
	Journal = {IEEE Transactions on image processing},
	Number = {1},
	Pages = {22--35},
	Publisher = {IEEE},
	Title = {Hypercomplex {Fourier} transforms of color images},
	Volume = {16},
	Year = {2007}}

@article{de2017discrete,
	Author = {de Oliveira Neto, Jos{\'e} R and Lima, Juliano B},
	Journal = {IEEE Transactions on Signal Processing},
	Number = {23},
	Pages = {6171--6184},
	Publisher = {IEEE},
	Title = {Discrete fractional {Fourier} transforms based on closed-form {Hermite--Gaussian-like} {DFT} eigenvectors},
	Volume = {65},
	Year = {2017}}

@article{flamant2017time,
	Author = {Flamant, J. and Le Bihan, N. and Chainais, P.},
	Journal = {Appl. Comput. Harmon. Anal.},
	Publisher = {Elsevier},
	Title = {Time--frequency analysis of bivariate signals},
	Year = {2017}}

@inproceedings{pei2010eigenfunctions,
	Author = {Pei, S.-C. and Ding, J.-J. and Chang, K.-W.},
	Booktitle = {2010 18th European Signal Processing Conference},
	Organization = {IEEE},
	Pages = {1874--1878},
	Title = {Eigenfunctions, eigenvalues, and fractionalization of the quaternion and biquaternion {Fourier} transforms},
	Year = {2010}}

@book{ward2012quaternions,
	Author = {Ward, Joseph Patrick},
	Publisher = {Springer Science \& Business Media},
	Title = {Quaternions and Cayley numbers: Algebra and applications},
	Volume = {403},
	Year = {2012}}

@article{de2002quaternionic,
	Author = {De Leo, Stefano and Scolarici, Giuseppe and Solombrino, Luigi},
	Journal = {J. Math. Phys.},
	Number = {11},
	Pages = {5815--5829},
	Publisher = {AIP},
	Title = {Quaternionic eigenvalue problem},
	Volume = {43},
	Year = {2002}}

@inproceedings{segarra2015interpolation,
	Author = {Segarra, S. and Marques, A. G. and Leus, G. and Ribeiro, A.},
	Booktitle = {Signal Processing Conference (EUSIPCO), 2015 23rd European},
	Organization = {IEEE},
	Pages = {210--214},
	Title = {Interpolation of graph signals using shift-invariant graph filters},
	Year = {2015}}

@article{mckinsey2011big,
	Author = {McKinsey, G. I. and others},
	Journal = {McKinsey Global Institute},
	Title = {Big data: the next frontier for innovation, competition and productivity},
	Year = {2011}}

@article{jablonski2017graph,
	Author = {Jab{\l}o{\'n}ski, Ireneusz},
	Journal = {IEEE Sensors J.},
	Publisher = {IEEE},
	Title = {Graph signal processing in applications to sensor networks, smart grids and smart cities},
	Year = {2017}}

@misc{wiki_square_root,
	Author = {Wikipedia},
	Note = {[Online; acesso em 05 de outubro de 2017]},
	Title = {Square root of a matrix --- Wikipedia{,} The Free Encyclopedia},
	Url = {https://en.wikipedia.org/w/index.php?title=Square_root_of_a_matrix&oldid=793016091},
	Year = {2017},
	Bdsk-Url-1 = {https://en.wikipedia.org/w/index.php?title=Square_root_of_a_matrix&oldid=793016091}}

@misc{bondy2008graph,
	Author = {Bondy, John Adrian and Murty, Uppaluri Siva Ramachandra},
	Publisher = {Springer, New York},
	Title = {Graph theory, volume 244 of Graduate Texts in Mathematics},
	Year = {2008}}

@article{tsitsvero2016signals,
	Author = {Tsitsvero, Mikhail and Barbarossa, Sergio and Di Lorenzo, Paolo},
	Journal = {IEEE Trans. Signal Process.},
	Number = {18},
	Pages = {4845--4860},
	Publisher = {IEEE},
	Title = {Signals on graphs: Uncertainty principle and sampling},
	Volume = {64},
	Year = {2016}}

@inproceedings{wang2015generalized,
	Author = {Wang, Xiaohan and Chen, Jiaxuan and Gu, Yuantao},
	Booktitle = {Signal and Information Processing (GlobalSIP), 2015 IEEE Global Conference on},
	Organization = {IEEE},
	Pages = {567--571},
	Title = {Generalized graph signal sampling and reconstruction},
	Year = {2015}}

@article{chen2016signal,
	Author = {Chen, Siheng and Varma, Rohan and Singh, Aarti and Kova{\v{c}}evi{\'c}, Jelena},
	Journal = {{IEEE} Trans. Signal Inf. Process. Netw.},
	Number = {4},
	Pages = {539--554},
	Publisher = {IEEE},
	Title = {Signal recovery on graphs: Fundamental limits of sampling strategies},
	Volume = {2},
	Year = {2016}}

@article{deri2017spectral,
	Author = {Deri, Joya A and Moura, Jos{\'e} MF},
	Journal = {IEEE J. Sel. Topics Signal Process.},
	Number = {6},
	Pages = {785--795},
	Publisher = {IEEE},
	Title = {Spectral projector-based graph {Fourier} transforms},
	Volume = {11},
	Year = {2017}}

@article{sardellitti2017graph,
	Author = {Sardellitti, Stefania and Barbarossa, Sergio and Di Lorenzo, Paolo},
	Journal = {{IEEE} J. Sel. Topics Signal Process.},
	Publisher = {IEEE},
	Title = {On the graph {F}ourier transform for directed graphs},
	Year = {2017}}

@article{hammond2011wavelets,
	Author = {Hammond, David K and Vandergheynst, Pierre and Gribonval, R{\'e}mi},
	Journal = {Applied and Computational Harmonic Analysis},
	Number = {2},
	Pages = {129--150},
	Publisher = {Elsevier},
	Title = {Wavelets on graphs via spectral graph theory},
	Volume = {30},
	Year = {2011}}

@book{chung1997spectral,
	Author = {Chung, Fan R. K.},
	Number = {92},
	Publisher = {American Mathematical Soc.},
	Title = {Spectral graph theory},
	Year = {1997}}

@book{lucchesi1979introduccao,
	Author = {Lucchesi, Cl{\'a}udio Leonardo},
	Publisher = {IMPA},
	Title = {Introdu{\c{c}}{\~a}o {\`a} teoria dos grafos},
	Year = {1979}}

@book{valimaki1995discrete,
	Author = {V{\"a}lim{\"a}ki, V.},
	Publisher = {Helsinki University of Technology},
	Title = {Discrete-time modeling of acoustic tubes using fractional delay filters},
	Year = {1995}}

@book{alan1989discrete,
	Author = {Oppenheim, A. V. and Schafer, R. W.},
	Isbn = {9781292025728},
	Publisher = {Pearson},
	Title = {Discrete-time Signal Processing},
	Year = {2013}}

@book{oppenheim1997signals,
	Author = {Oppenheim, A. V. and Willsky, A. S. and Nawab, S. H.},
	Isbn = {9780138147570},
	Lccn = {96019945},
	Publisher = {Prentice Hall},
	Series = {Prentice-Hall signal processing series},
	Title = {Signals and Systems},
	Url = {https://books.google.com.br/books?id=LwQqAQAAMAAJ},
	Year = {1997},
	Bdsk-Url-1 = {https://books.google.com.br/books?id=LwQqAQAAMAAJ}}

@article{shuman2013emerging,
	Author = {Shuman, D. I. and Narang, S. K. and Frossard, P. and Ortega, A. and Vandergheynst, P.},
	Journal = {{IEEE} Signal Process. Mag.},
	Number = {3},
	Pages = {83--98},
	Publisher = {IEEE},
	Title = {The emerging field of signal processing on graphs: Extending high-dimensional data analysis to networks and other irregular domains},
	Volume = {30},
	Year = {2013}}

@article{sandryhaila2014big,
	Author = {Sandryhaila, A. and Moura, J. M. F.},
	Journal = {{IEEE} Signal Process. Mag.},
	Number = {5},
	Pages = {80--90},
	Publisher = {IEEE},
	Title = {Big data analysis with signal processing on graphs: Representation and processing of massive data sets with irregular structure},
	Volume = {31},
	Year = {2014}}

@book{boggess2009first,
	Author = {Boggess, A. and Narcowich, F. J.},
	Publisher = {John Wiley \& Sons},
	Title = {A first course in wavelets with {Fourier} analysis},
	Year = {2009}}

@inproceedings{cintra2002interpolating,
	Author = {de Sobral Cintra, R. J. and de Oliveira, H. M.},
	Booktitle = {6th WSEAS CSCC Multiconference, 2nd WSEAS International Conference on Signal Processing and Computational Geometry And Vision},
	Organization = {Citeseer},
	Title = {Interpolating in Arithmetic Transform Algorithms},
	Year = {2002}}

@inproceedings{lima2014fractional,
	Author = {Lima, J. B. and de Souza, R. M. C. and Lima, P. H. E. S.},
	Booktitle = {Acoustics, Speech and Signal Processing ({ICASSP}), 2014 {IEEE} International Conference on},
	Organization = {IEEE},
	Pages = {2614--2618},
	Title = {Fractional number-theoretic transforms based on matrix functions},
	Year = {2014}}

@book{higham2008functions,
	Author = {N. J. Higham},
	Isbn = {0898716462},
	Publisher = {Society for Industrial \& Applied Mathematics,U.S.},
	Title = {Functions of Matrices: Theory and Computation (Other Titles in Applied Mathematics)},
	Year = {2008}}

@article{sandryhaila2013discrete,
	Author = {Sandryhaila, A. and Moura, J. M. F.},
	Journal = {{IEEE} Trans. Signal Process.},
	Number = {7},
	Pages = {1644--1656},
	Publisher = {IEEE},
	Title = {Discrete signal processing on graphs},
	Volume = {61},
	Year = {2013}}

@article{chung2010graph,
	Author = {Chung, F.},
	Journal = {Notices of the AMS},
	Number = {6},
	Pages = {726--732},
	Title = {Graph theory in the information age},
	Volume = {57},
	Year = {2010}}

@article{golubski2016,
	Author = {A. J. Golubski and E. E. Westlund and J. Vandermeer and M. Pascual},
	Doi = {10.1016/j.tree.2016.02.006},
	Journal = {Trends in Ecology {\&} Evolution},
	Month = {may},
	Number = {5},
	Pages = {344--354},
	Publisher = {Elsevier {BV}},
	Title = {Ecological Networks over the Edge: Hypergraph Trait-Mediated Indirect Interaction ({TMII}) Structure},
	Url = {https://doi.org/10.1016%2Fj.tree.2016.02.006},
	Volume = {31},
	Year = {2016},
	Bdsk-Url-1 = {https://doi.org/10.1016%2Fj.tree.2016.02.006},
	Bdsk-Url-2 = {https://doi.org/10.1016/j.tree.2016.02.006}}

@inproceedings{grassi2016tracking,
	Author = {Grassi, Francesco and Perraudin, Nathanael and Ricaud, Benjamin},
	Booktitle = {Signal and Information Processing (GlobalSIP), 2016 IEEE Global Conference on},
	Organization = {IEEE},
	Pages = {351--355},
	Title = {Tracking time-vertex propagation using dynamic graph wavelets},
	Year = {2016}}

@inproceedings{sandryhaila2013gft,
	Author = {A. Sandryhaila and J. M. F. Moura},
	Booktitle = {2013 {IEEE} International Conference on Acoustics, Speech and Signal Processing},
	Doi = {10.1109/icassp.2013.6638850},
	Month = {may},
	Publisher = {Institute of Electrical and Electronics Engineers ({IEEE})},
	Title = {Discrete signal processing on graphs: Graph {Fourier} transform},
	Url = {https://doi.org/10.1109%2Ficassp.2013.6638850},
	Year = {2013},
	Bdsk-Url-1 = {https://doi.org/10.1109%2Ficassp.2013.6638850},
	Bdsk-Url-2 = {https://doi.org/10.1109/icassp.2013.6638850}}

@article{chen2015,
	Author = {S. Chen and R. Varma and A. Sandryhaila and J. Kova\u{c}evi\'{c}},
	Doi = {10.1109/tsp.2015.2469645},
	Journal = {{IEEE} Trans. Signal Process.},
	Month = {dec},
	Number = {24},
	Pages = {6510--6523},
	Publisher = {Institute of Electrical and Electronics Engineers ({IEEE})},
	Title = {Discrete Signal Processing on Graphs: Sampling Theory},
	Url = {https://doi.org/10.1109%2Ftsp.2015.2469645},
	Volume = {63},
	Year = {2015},
	Bdsk-Url-1 = {https://doi.org/10.1109%2Ftsp.2015.2469645},
	Bdsk-Url-2 = {https://doi.org/10.1109/tsp.2015.2469645}}

@article{sandryhaila2014frequency,
	Author = {A. Sandryhaila and J. M. F. Moura},
	Doi = {10.1109/tsp.2014.2321121},
	Journal = {{IEEE} Trans. Signal Process.},
	Month = {jun},
	Number = {12},
	Pages = {3042--3054},
	Publisher = {Institute of Electrical and Electronics Engineers ({IEEE})},
	Title = {Discrete Signal Processing on Graphs: Frequency Analysis},
	Url = {https://doi.org/10.1109%2Ftsp.2014.2321121},
	Volume = {62},
	Year = {2014},
	Bdsk-Url-1 = {https://doi.org/10.1109%2Ftsp.2014.2321121},
	Bdsk-Url-2 = {https://doi.org/10.1109/tsp.2014.2321121}}

@inproceedings{sandryhaila2013filters,
	Author = {A. Sandryhaila and J. M. F. Moura},
	Booktitle = {2013 {IEEE} International Conference on Acoustics, Speech and Signal Processing},
	Doi = {10.1109/icassp.2013.6638849},
	Month = {may},
	Publisher = {Institute of Electrical and Electronics Engineers ({IEEE})},
	Title = {Discrete signal processing on graphs: Graph filters},
	Url = {https://doi.org/10.1109%2Ficassp.2013.6638849},
	Year = {2013},
	Bdsk-Url-1 = {https://doi.org/10.1109%2Ficassp.2013.6638849},
	Bdsk-Url-2 = {https://doi.org/10.1109/icassp.2013.6638849}}

@article{jain2014big,
	Author = {Jain, R. K. and Moura, J. M. F. and Kontokosta, C. E.},
	Journal = {{IEEE} Signal Process. Mag.},
	Number = {5},
	Pages = {130--136},
	Publisher = {IEEE},
	Title = {Big data+ big cities: Graph signals of urban air pollution [exploratory sp]},
	Volume = {31},
	Year = {2014}}

@article{alam2015toward,
	Author = {Alam, K. M. and Saini, M. and El Saddik, A.},
	Journal = {{IEEE} Access},
	Pages = {343--357},
	Publisher = {IEEE},
	Title = {Toward social {I}nternet of vehicles: Concept, architecture, and applications},
	Volume = {3},
	Year = {2015}}

@inproceedings{ma2016non,
	Author = {Ma, F. and Yao, B. and Yao, M.},
	Booktitle = {Information Technology, Networking, Electronic and Automation Control Conference, IEEE},
	Organization = {IEEE},
	Pages = {1040--1043},
	Title = {Non-planar unclustered Peterson graphs as scale-free models of the {Internet} of Things},
	Year = {2016}}

@article{yu2016novel,
	Author = {Yu, L. and Feng, L. and Chen, C. and Qiu, T. and Li, L. and Wu, J.},
	Journal = {IEEE Access},
	Pages = {6204--6215},
	Publisher = {IEEE},
	Title = {A Novel Multi-Feature Representation of Images for Heterogeneous {IoTs}},
	Volume = {4},
	Year = {2016}}

@article{guo2016qos,
	Author = {Guo, L. and Ning, Z. and Song, Q. and Zhang, L. and Jamalipour, A.},
	Journal = {{IEEE} Sensors J.},
	Publisher = {IEEE},
	Title = {A {QoS}-oriented High-Efficiency Resource Allocation Scheme in Wireless Multimedia Sensor Networks},
	Year = {2016}}

@article{veerachary2004signal,
	Author = {Veerachary, M.},
	Journal = {{IEE} Proc., Electr. Power Appl.},
	Number = {5},
	Pages = {583--589},
	Publisher = {IET},
	Title = {Signal flow graph modelling of multi-state boost {DC--DC} converters},
	Volume = {151},
	Year = {2004}}

@inproceedings{peng2008modeling,
	Author = {Peng, L. and Li, Y. and Francois, B.},
	Booktitle = {Electrical Machines and Systems, 2008. ICEMS 2008. International Conference on},
	Organization = {IEEE},
	Pages = {2412--2417},
	Title = {Modeling and control of doubly fed induction generator wind turbines by using causal ordering graph during voltage dips},
	Year = {2008}}

@article{gawthrop2016modular,
	Author = {Gawthrop, P. J. and Crampin, E. J.},
	Journal = {IET Systems Biology},
	Number = {5},
	Pages = {187--201},
	Publisher = {IET},
	Title = {Modular bond-graph modelling and analysis of biomolecular systems},
	Volume = {10},
	Year = {2016}}

@article{steinbock2016hybrid,
	Author = {Steinb{\"o}ck, G. and Gan, M. and Meissner, P. and Leitinger, E. and Witrisal, K. and Zemen, T. and Pedersen, T.},
	Journal = {{IEEE} Trans. Antennas Propag.},
	Number = {9},
	Pages = {4036--4048},
	Publisher = {IEEE},
	Title = {Hybrid Model for Reverberant Indoor Radio Channels Using Rays and Graphs},
	Volume = {64},
	Year = {2016}}

@article{mei2016signal,
	Author = {Mei, J. and Moura, J. M. F.},
	Journal = {{IEEE} Trans. Signal Process.},
	Publisher = {IEEE},
	Title = {Signal processing on graphs: Causal modeling of unstructured data},
	Year = {2016}}

@article{girault2015translation,
	Author = {Benjamin Girault and Paulo Goncalves and Eric Fleury},
	Doi = {10.1109/lsp.2015.2488279},
	Journal = {{IEEE} Signal Process. Lett.},
	Month = {dec},
	Number = {12},
	Pages = {2416--2420},
	Publisher = {Institute of Electrical and Electronics Engineers ({IEEE})},
	Title = {Translation on Graphs: An Isometric Shift Operator},
	Url = {https://doi.org/10.1109/lsp.2015.2488279},
	Volume = {22},
	Year = {2015},
	Bdsk-Url-1 = {https://doi.org/10.1109/lsp.2015.2488279}}

@inproceedings{girault2016localization,
	Address = {Washington DC, United States},
	Author = {Girault, Benjamin and Gon{\c c}alves, Paulo and Narayanan, Shrikanth and Ortega, Antonio},
	Booktitle = {{IEEE Global Conference on Signal and Information Processing}},
	Hal_Id = {hal-01368817},
	Hal_Version = {v1},
	Keywords = {graph signal processing ; graph filters approximation ; graph translation},
	Month = Dec,
	Pdf = {https://hal.inria.fr/hal-01368817/file/global-sip-2016.pdf},
	Title = {{Localization bounds for the graph translation}},
	Url = {https://hal.inria.fr/hal-01368817},
	Year = {2016},
	Bdsk-Url-1 = {https://hal.inria.fr/hal-01368817}}

@inproceedings{girault2015stationary,
	Address = {Nice, France},
	Author = {Girault, Benjamin},
	Booktitle = {{Eusipco}},
	Hal_Id = {hal-01155902},
	Hal_Version = {v1},
	Keywords = {Signal processing on graphs ; Stationary signals},
	Month = Aug,
	Pages = {1531-1535},
	Pdf = {https://hal.inria.fr/hal-01155902/file/eusipco15.pdf},
	Title = {{Stationary Graph Signals using an Isometric Graph Translation}},
	Url = {https://hal.inria.fr/hal-01155902},
	Year = {2015},
	Bdsk-Url-1 = {https://hal.inria.fr/hal-01155902}}

@inproceedings{shuman2012windowed,
	Author = {Shuman, David I and Ricaud, Benjamin and Vandergheynst, Pierre},
	Booktitle = {Statistical Signal Processing Workshop (SSP), 2012 IEEE},
	Organization = {Ieee},
	Pages = {133--136},
	Title = {A windowed graph {Fourier} transform},
	Year = {2012}}

@article{shuman2016vertex,
	Author = {Shuman, David I and Ricaud, Benjamin and Vandergheynst, Pierre},
	Journal = {Applied and Computational Harmonic Analysis},
	Number = {2},
	Pages = {260--291},
	Publisher = {Elsevier},
	Title = {Vertex-frequency analysis on graphs},
	Volume = {40},
	Year = {2016}}

@phdthesis{chen2016data,
	Author = {Chen, Siheng},
	Note = {\url{http://repository.cmu.edu/dissertations/724}},
	School = {Carnegie Mellon University},
	Title = {Data Science with Graphs: A Signal Processing Perspective},
	Year = {2016}}

@article{feofiloff2011introduccao,
	Author = {Feofiloff, Paulo and Kohayakawa, Yoshiharu and Wakabayashi, Yoshiko},
	Note = {\url{https://www.ime.usp.br/~pf/teoriadosgrafos/}},
	Title = {Uma {I}ntrodu{\c{c}}{\~a}o {S}ucinta {\`a} {T}eoria dos {G}rafos},
	Year = {2011}}

@inproceedings{mei2016signal,
	Author = {Mei, Jonathan and Moura, Jos{\'e} MF},
	Booktitle = {Acoustics, Speech and Signal Processing (ICASSP), 2016 IEEE International Conference on},
	Organization = {IEEE},
	Pages = {6165--6169},
	Title = {Signal Processing on Graphs: Performance of Graph Structure Estimation},
	Year = {2016}}

@inproceedings{Sardellitti2016,
	Author = {Stefania Sardellitti and Sergio Barbarossa and Paolo Di Lorenzo},
	Booktitle = {2016 {IEEE} Global Conference on Signal and Information Processing ({GlobalSIP})},
	Doi = {10.1109/globalsip.2016.7905863},
	Month = {dec},
	Publisher = {{IEEE}},
	Title = {Graph {t}opology {i}nference {b}ased on {t}ransform {l}earning},
	Url = {https://doi.org/10.1109/globalsip.2016.7905863},
	Year = {2016},
	Bdsk-Url-1 = {https://doi.org/10.1109/globalsip.2016.7905863}}

@inproceedings{sandryhaila2012nearest,
	Author = {Sandryhaila, Aliaksei and Moura, Jos{\'e} MF},
	Booktitle = {Image Processing (ICIP), 2012 19th IEEE International Conference on},
	Organization = {IEEE},
	Pages = {2521--2524},
	Title = {Nearest-neighbor Image Model},
	Year = {2012}}

@article{puschel2008time,
	Author = {Markus P{\"u}schel and Jos{\'e} M. F. Moura},
	Journal = {IEEE Trans. Signal Process.},
	Number = {8},
	Pages = {3572--3585},
	Title = {Algebraic Signal Processing Theory: Foundation and {1-D} Time},
	Volume = {56},
	Year = {2008}}

@article{puschel2008space,
	Author = {Markus P{\"u}schel and Jos{\'e} M. F. Moura},
	Journal = {IEEE Trans. Signal Process.},
	Number = {8},
	Pages = {3586--3599},
	Title = {Algebraic Signal Processing Theory: {1-D} Space},
	Volume = {56},
	Year = {2008}}

@book{lancaster1985theory,
	Author = {Lancaster, Peter and Tismenetsky, Miron},
	Publisher = {Elsevier},
	Title = {The theory of matrices: with applications},
	Year = {1985}}

@misc{nocedal2006numerical,
	Author = {Nocedal, Jorge and Wright, Stephen J},
	Publisher = {Springer},
	Title = {Numerical optimization 2nd},
	Year = {2006}}

@book{bang2008digraphs,
	Author = {Bang-Jensen, J{\o}rgen and Gutin, Gregory Z},
	Publisher = {Springer Science \& Business Media},
	Title = {Digraphs: theory, algorithms and applications},
	Year = {2008}}

@book{thulasiraman1992directed,
	Author = {Thulasiraman, K and Swamy, M. N. S.},
	Pages = {97--125},
	Publisher = {Wiley Online Library},
	Title = {Graphs: Theory and Algorithms},
	Year = {1992}}

@book{sink2011version,
	Author = {Sink, Eric},
	Publisher = {Pyrenean Gold Press Champaign, IL},
	Title = {Version control by example},
	Volume = {20011},
	Year = {2011}}

@techreport{moon2005error,
	Author = {Moon Todd, K},
	Institution = {ISBN 0-471-64800-0},
	Title = {Error correction coding: mathematical methods and algorithms. 2005 by John Wiley \& Sons},
	Year = {2005}}

@misc{lang1987linear,
	Author = {Lang, Serge},
	Publisher = {Springer-Verlag, New York},
	Title = {Linear Algebra},
	Year = {1987}}

@article{northshield2010square,
	Author = {Northshield, Sam},
	Journal = {Contemporary Mathematics},
	Pages = {289--304},
	Title = {Square roots of 2$\times$ 2 matrices},
	Volume = {517},
	Year = {2010}}

@misc{gonzalez1992digital,
	Author = {Gonzalez, R. C. and Woods, R. E.},
	Edition = {3},
	Publisher = {Pearson Prentice Hall},
	Title = {Digital image processing},
	Year = {2007}}

@article{das2011extremal,
	Author = {Das, Kinkar Ch},
	Journal = {Applied Mathematics and Computation},
	Number = {18},
	Pages = {7420--7426},
	Publisher = {Elsevier},
	Title = {Extremal graph characterization from the bounds of the spectral radius of weighted graphs},
	Volume = {217},
	Year = {2011}}

@book{rudin1987real,
	Author = {Rudin, Walter},
	Publisher = {Tata McGraw-Hill Education},
	Title = {Real and complex analysis},
	Year = {1987}}

@book{mallat1999wavelet,
	Author = {Mallat, St{\'e}phane},
	Publisher = {Academic press},
	Title = {A wavelet tour of signal processing},
	Year = {1999}}

@inproceedings{ribeiro2017sbrt,
	Author = {Ribeiro, G. B. and Lima, J. B.},
	Booktitle = {XXXV Simp\'osio Brasileiro de Telecomunica\c c\~oes e Processamento de Sinais, SBrT'17},
	Organization = {SBrT},
	Pages = {871--875},
	Title = {Deslocamento fracion\'ario de sinais sobre grafos},
	Year = {2017}}

@inproceedings{wang2017fractional,
	Author = {Wang, Yi-qian and Li, Bing-zhao and Cheng, Qi-yuan},
	Booktitle = {Asia-Pacific Signal and Information Processing Association Annual Summit and Conference (APSIPA ASC), 2017},
	Organization = {IEEE},
	Pages = {105--110},
	Title = {The fractional {Fourier} transform on graphs},
	Year = {2017}}

@article{almeida1994fractional,
	Author = {Almeida, Luis B},
	Journal = {{IEEE} Trans. Signal Process.},
	Number = {11},
	Pages = {3084--3091},
	Publisher = {IEEE},
	Title = {The fractional {Fourier} transform and time-frequency representations},
	Volume = {42},
	Year = {1994}}

@article{akay2001fractional,
	Author = {Akay, Olcay and Boudreaux-Bartels, Gloria Faye},
	Journal = {IEEE Trans. Signal Process.},
	Number = {5},
	Pages = {979--993},
	Publisher = {IEEE},
	Title = {Fractional convolution and correlation via operator methods and an application to detection of linear FM signals},
	Volume = {49},
	Year = {2001}}

@book{ozaktas2001fractional,
	Author = {Haldun M. Ozaktas and Zeev Zalevsky and M. Alper Kutay},
	Isbn = {0471963461},
	Publisher = {Wiley},
	Title = {The Fractional {Fourier} Transform: with Applications in Optics and Signal Processing},
	Year = {2001}}

@article{wang2016security,
	Author = {Wang, Teng and Huan, Hao and Tao, Ran and Wang, Yue},
	Journal = {{IEEE} Commun. Lett.},
	Number = {12},
	Pages = {2474--2477},
	Publisher = {IEEE},
	Title = {Security-coded {OFDM} system based on multiorder fractional {Fourier} transform},
	Volume = {20},
	Year = {2016}}

@article{namias1980fractional,
	Author = {Namias, Victor},
	Journal = {IMA Journal of Applied Mathematics},
	Number = {3},
	Pages = {241--265},
	Publisher = {Oxford University Press},
	Title = {The fractional order {Fourier} transform and its application to quantum mechanics},
	Volume = {25},
	Year = {1980}}

@inproceedings{li2016graph,
	Author = {Li, Ying and Qin, Jing and Osher, Stanley and Liu, Wentai},
	Booktitle = {Engineering in Medicine and Biology Society (EMBC), 2016 IEEE 38th Annual International Conference of the},
	Organization = {IEEE},
	Pages = {101--104},
	Title = {Graph fractional-order total variation EEG source reconstruction},
	Year = {2016}}

@inproceedings{rossi2017graph,
	Author = {Rossi, Mattia and Frossard, Pascal},
	Booktitle = {Multimedia Signal Processing (MMSP), 2017 IEEE 19th International Workshop on},
	Organization = {IEEE},
	Pages = {1--6},
	Title = {Graph-based light field super-resolution},
	Year = {2017}}

@inproceedings{su2017graph,
	Author = {Su, Xin and Rizkallah, Mira and Maugey, Thomas and Guillemot, Christine},
	Booktitle = {IEEE International Conference on Image Processing (ICIP)},
	Title = {Graph-based light fields representation and coding using geometry information},
	Year = {2017}}

@article{fracastoro2017steerable,
	Author = {Fracastoro, Giulia and Fosson, Sophie M and Magli, Enrico},
	Journal = {{IEEE} Trans. Image Process.},
	Number = {1},
	Pages = {303--314},
	Publisher = {IEEE},
	Title = {Steerable discrete cosine transform},
	Volume = {26},
	Year = {2017}}

@inproceedings{nguyen2014compression,
	Author = {Nguyen, Ha Q and Chou, Philip A and Chen, Yinpeng},
	Booktitle = {Acoustics, Speech and Signal Processing (ICASSP), 2014 IEEE International Conference on},
	Organization = {IEEE},
	Pages = {6152--6156},
	Title = {Compression of human body sequences using graph wavelet filter banks},
	Year = {2014}}

@article{pirayre2015brane,
	Author = {Pirayre, Aur{\'e}lie and Couprie, Camille and Bidard, Fr{\'e}d{\'e}rique and Duval, Laurent and Pesquet, Jean-Christophe},
	Journal = {BMC Bioinformatics},
	Number = {1},
	Pages = {368},
	Publisher = {BioMed Central},
	Title = {BRANE Cut: biologically-related a priori network enhancement with graph cuts for gene regulatory network inference},
	Volume = {16},
	Year = {2015}}

@article{pirayre2017brane,
	Author = {Pirayre, Aur{\'e}lie and Couprie, Camille and Duval, Laurent and Pesquet, Jean-Christophe},
	Journal = {IEEE/ACM Transactions on Computational Biology and Bioinformatics},
	Publisher = {IEEE},
	Title = {BRANE Clust: Cluster-Assisted Gene Regulatory Network Inference Refinement},
	Year = {2017}}

@article{huang2016graph,
	Author = {Huang, Weiyu and Goldsberry, Leah and Wymbs, Nicholas F and Grafton, Scott T and Bassett, Danielle S and Ribeiro, Alejandro},
	Journal = {{IEEE} J. Sel. Topics Signal Process.},
	Number = {7},
	Pages = {1189--1203},
	Publisher = {IEEE},
	Title = {Graph frequency analysis of brain signals},
	Volume = {10},
	Year = {2016}}

@inproceedings{goldsberry2017brain,
	Author = {Goldsberry, Leah and Huang, Weiyu and Wymbs, Nicholas F and Grafton, Scott T and Bassett, Danielle S and Ribeiro, Alejandro},
	Booktitle = {Acoustics, Speech and Signal Processing (ICASSP), 2017 IEEE International Conference on},
	Organization = {IEEE},
	Pages = {851--855},
	Title = {Brain signal analytics from graph signal processing perspective},
	Year = {2017}}

@article{leonardi2013tight,
	Author = {Leonardi, Nora and Van De Ville, Dimitri},
	Journal = {{IEEE} Trans. Signal Process.},
	Number = {13},
	Pages = {3357--3367},
	Publisher = {IEEE},
	Title = {Tight wavelet frames on multislice graphs},
	Volume = {61},
	Year = {2013}}

@article{chen2014semi,
	Author = {Chen, Siheng and Cerda, Fernando and Rizzo, Piervincenzo and Bielak, Jacobo and Garrett, James H and Kova{\v{c}}evi{\'c}, Jelena},
	Journal = {{IEEE} Trans. Signal Process.},
	Number = {11},
	Pages = {2879--2893},
	Publisher = {IEEE},
	Title = {Semi-supervised multiresolution classification using adaptive graph filtering with application to indirect bridge structural health monitoring},
	Volume = {62},
	Year = {2014}}

@article{tremblay2014graph,
	Author = {Tremblay, Nicolas and Borgnat, Pierre},
	Journal = {{IEEE} Trans. Signal Process.},
	Number = {20},
	Pages = {5227--5239},
	Publisher = {IEEE},
	Title = {Graph wavelets for multiscale community mining},
	Volume = {62},
	Year = {2014}}

@inproceedings{benzi2016song,
	Author = {Benzi, Kirell and Kalofolias, Vassiiis and Bresson, Xavier and Vandergheynst, Pierre},
	Booktitle = {Acoustics, Speech and Signal Processing (ICASSP), 2016 IEEE International Conference on},
	Organization = {IEEE},
	Pages = {2439--2443},
	Title = {Song recommendation with non-negative matrix factorization and graph total variation},
	Year = {2016}}

@inproceedings{lima2012multiuser,
	Author = {Lima, Juliano B and de Souza, Ricardo M Campello and Cunha, Daniel C},
	Booktitle = {Communications (ICC), 2012 IEEE International Conference on},
	Organization = {IEEE},
	Pages = {3569--3570},
	Title = {Multiuser communication based on the discrete fractional {Fourier} transform},
	Year = {2012}}

@misc{gallier2017survey,
	Author = {Jean Gallier},
	Month = {December},
	Publisher = {University of Pennsylvania (Course notes},
	Title = {Spectral theory of unsigned and signed graphs -- applications to graph clustering: a survey},
	Url = {http://www.cis.upenn.edu/~jean/spectral-graph-notes.pdf},
	Year = {2017},
	Bdsk-Url-1 = {http://www.cis.upenn.edu/~jean/spectral-graph-notes.pdf}}

@misc{scipy,
	Author = {Eric Jones and Travis Oliphant and Pearu Peterson and others},
	Note = {[Online; accessed on April 17th, 2018]},
	Title = {{SciPy}: Open source scientific tools for {Python}},
	Url = {http://www.scipy.org/},
	Year = {2001--},
	Bdsk-Url-1 = {http://www.scipy.org/}}

@inproceedings{wallace2017sbrt,
	Author = {Elias, Vitor Rosa Meireles and Martins, Wallace Alves},
	Booktitle = {XXXV Simp\'osio Brasileiro de Telecomunica\c c\~oes e Processamento de Sinais, SBrT'17},
	Organization = {SBrT},
	Pages = {881--885},
	Title = {Graph {Fourier} transform for light field compression},
	Year = {2017}}

@article{cheung2018graph,
	Author = {Gene Cheung and Enrico Magli and Yuichi Tanaka and Michael K. Ng},
	Doi = {10.1109/jproc.2018.2799702},
	Journal = {Proc. {IEEE}},
	Pages = {1--24},
	Publisher = {Institute of Electrical and Electronics Engineers ({IEEE})},
	Title = {Graph Spectral Image Processing},
	Url = {https://doi.org/10.1109/jproc.2018.2799702},
	Year = {2018},
	Bdsk-Url-1 = {https://doi.org/10.1109/jproc.2018.2799702}}

@article{huang2018brain,
	Author = {Weiyu Huang and Thomas A. W. Bolton and John D. Medaglia and Danielle S. Bassett and Alejandro Ribeiro and Dimitri Van De Ville},
	Doi = {10.1109/jproc.2018.2798928},
	Journal = {Proc. {IEEE}},
	Pages = {1--18},
	Publisher = {Institute of Electrical and Electronics Engineers ({IEEE})},
	Title = {A Graph Signal Processing Perspective on Functional Brain Imaging},
	Url = {https://doi.org/10.1109/jproc.2018.2798928},
	Year = {2018},
	Bdsk-Url-1 = {https://doi.org/10.1109/jproc.2018.2798928}}

@article{kruzick2018filter,
	Author = {Stephen Kruzick and Jose M. F. Moura},
	Doi = {10.1109/tsp.2017.2784359},
	Journal = {{IEEE} Trans. Signal Process.},
	Month = {mar},
	Number = {5},
	Pages = {1258--1272},
	Publisher = {Institute of Electrical and Electronics Engineers ({IEEE})},
	Title = {Optimal Filter Design for Signal Processing on Random Graphs: Accelerated Consensus},
	Url = {https://doi.org/10.1109/tsp.2017.2784359},
	Volume = {66},
	Year = {2018},
	Bdsk-Url-1 = {https://doi.org/10.1109/tsp.2017.2784359}}

@article{grassi2018time,
	Author = {Francesco Grassi and Andreas Loukas and Nathanael Perraudin and Benjamin Ricaud},
	Doi = {10.1109/tsp.2017.2775589},
	Journal = {{IEEE} Trans. Signal Process.},
	Month = {feb},
	Number = {3},
	Pages = {817--829},
	Publisher = {Institute of Electrical and Electronics Engineers ({IEEE})},
	Title = {A Time-Vertex Signal Processing Framework: Scalable Processing and Meaningful Representations for Time-Series on Graphs},
	Url = {https://doi.org/10.1109/tsp.2017.2775589},
	Volume = {66},
	Year = {2018},
	Bdsk-Url-1 = {https://doi.org/10.1109/tsp.2017.2775589}}

@article{flamant2018complete,
	Author = {Flamant, Julien and Chainais, Pierre and Le Bihan, Nicolas},
	Journal = {IEEE Transactions on Signal Processing},
	Number = {17},
	Pages = {4541--4552},
	Publisher = {IEEE},
	Title = {A complete framework for linear filtering of bivariate signals},
	Volume = {66},
	Year = {2018}}

@article{chamon2018greedy,
	Author = {Luiz F. O. Chamon and Alejandro Ribeiro},
	Doi = {10.1109/tsp.2017.2755586},
	Journal = {{IEEE} Trans. Signal Process.},
	Month = {jan},
	Number = {1},
	Pages = {34--47},
	Publisher = {Institute of Electrical and Electronics Engineers ({IEEE})},
	Title = {Greedy Sampling of Graph Signals},
	Url = {https://doi.org/10.1109/tsp.2017.2755586},
	Volume = {66},
	Year = {2018},
	Bdsk-Url-1 = {https://doi.org/10.1109/tsp.2017.2755586}}

@article{strang1999discrete,
	Author = {Strang, Gilbert},
	Journal = {SIAM review},
	Number = {1},
	Pages = {135--147},
	Publisher = {SIAM},
	Title = {The discrete cosine transform},
	Volume = {41},
	Year = {1999}}

@article{martucci1994symmetric,
	Author = {Martucci, Stephen A},
	Journal = {{IEEE} Trans. Signal Process.},
	Number = {5},
	Pages = {1038--1051},
	Publisher = {IEEE},
	Title = {Symmetric convolution and the discrete sine and cosine transforms},
	Volume = {42},
	Year = {1994}}

@article{lima2011finite,
	Author = {Lima, Juliano B and de Souza, Ricardo M Campello},
	Journal = {Applicable Algebra in Engineering, Communication and Computing},
	Number = {5-6},
	Pages = {393--411},
	Publisher = {Springer},
	Title = {Finite field trigonometric transforms},
	Volume = {22},
	Year = {2011}}

@article{agarwal1975number,
	Author = {Agarwal, Ramesh C and Burrus, C Sidney},
	Journal = {Proc. {IEEE}},
	Number = {4},
	Pages = {550--560},
	Publisher = {IEEE},
	Title = {Number theoretic transforms to implement fast digital convolution},
	Volume = {63},
	Year = {1975}}

@misc{shwartz2003,
	Author = {Shalev-Shwartz, Shai},
	Month = {December},
	Title = {Circular Convolution and the Discrete {Fourier} Transform (lecture notes)},
	Url = {http://www.cs.huji.ac.il/course/2004/dsp/dft.ps},
	Year = {2003},
	Bdsk-Url-1 = {http://www.cs.huji.ac.il/course/2004/dsp/dft.ps}}

@article{sanchez1995diagonalizing,
	Author = {S{\'a}nchez, Victoria and Garcia, Pedro and Peinado, Antonio M and Segura, Jos{\'e} C and Rubio, Antonio J},
	Journal = {{IEEE} Trans. Signal Process.},
	Number = {11},
	Pages = {2631--2641},
	Publisher = {IEEE},
	Title = {Diagonalizing properties of the discrete cosine transforms},
	Volume = {43},
	Year = {1995}}

@article{bini1983spectral,
	Author = {Bini, Dario and Capovani, Milvio},
	Journal = {Linear algebra and its applications},
	Pages = {99--126},
	Publisher = {Elsevier},
	Title = {Spectral and computational properties of band symmetric {T}oeplitz matrices},
	Volume = {52},
	Year = {1983}}

@article{bini1993matrix,
	Author = {Bini, Dario and Favati, Paola},
	Journal = {{SIAM} J. Matrix Anal. Appl.},
	Number = {2},
	Pages = {500--507},
	Publisher = {SIAM},
	Title = {On a matrix algebra related to the discrete {H}artley transform},
	Volume = {14},
	Year = {1993}}

@book{blahut2010fast,
	Author = {Blahut, Richard E},
	Publisher = {Cambridge University Press},
	Title = {Fast algorithms for signal processing},
	Year = {2010}}

@inproceedings{de1998hartley,
	Author = {De Souza, RM Campello and De Oliveira, H{\'e}lio M and Kauffman, AN},
	Booktitle = {Telecommunications Symposium, 1998. ITS'98 Proceedings. SBT/IEEE International},
	Organization = {IEEE},
	Pages = {245--250},
	Title = {The Hartley transform in a finite field},
	Year = {1998}}

@article{sangwine1996fourier,
	Author = {Sangwine, Stephen John},
	Journal = {Electronics letters},
	Number = {21},
	Pages = {1979--1980},
	Publisher = {IET},
	Title = {Fourier transforms of colour images using quaternion or hypercomplex, numbers},
	Volume = {32},
	Year = {1996}}

@inproceedings{ell1993quaternion,
	Author = {Ell, Todd A},
	Booktitle = {Proceedings of 32nd IEEE Conference on Decision and Control},
	Organization = {IEEE},
	Pages = {1830--1841},
	Title = {{Quaternion-Fourier} transforms for analysis of two-dimensional linear time-invariant partial differential systems},
	Year = {1993}}

@inproceedings{evans2000hypercomplex,
	Author = {Evans, Carolyn J and Sangwine, Stephen J and Ell, Todd A},
	Booktitle = {Proceedings 2000 International Conference on Image Processing (Cat. No. 00CH37101)},
	Organization = {IEEE},
	Pages = {541--544},
	Title = {Hypercomplex color-sensitive smoothing filters},
	Volume = {1},
	Year = {2000}}

@article{guanlei2008fractional,
	Author = {Guanlei, Xu and Xiaotong, Wang and Xiaogang, Xu},
	Journal = {Signal Processing},
	Number = {10},
	Pages = {2511--2517},
	Publisher = {Elsevier},
	Title = {Fractional quaternion {Fourier} transform, convolution and correlation},
	Volume = {88},
	Year = {2008}}

@article{flamant2017spectral,
	Author = {Flamant, Julien and Le Bihan, Nicolas and Chainais, Pierre},
	Journal = {IEEE Transactions on Signal Processing},
	Number = {23},
	Pages = {6135--6145},
	Publisher = {IEEE},
	Title = {Spectral analysis of stationary random bivariate signals},
	Volume = {65},
	Year = {2017}}

@article{bultheel2002shattered,
	Author = {Bultheel, Adhemar and Martinez Sulbaran, Hector},
	Journal = {TW Reports},
	Publisher = {Department of Computer Science, KU Leuveven; Leuven, Belgium},
	Title = {A shattered survey of the Fractional {Fourier} Transform},
	Year = {2002}}

@book{ell2014quaternion,
	Author = {Ell, Todd A and Le Bihan, Nicolas and Sangwine, Stephen J},
	Publisher = {John Wiley \& Sons},
	Title = {Quaternion {Fourier} transforms for signal and image processing},
	Year = {2014}}

@article{li2013quaternion,
	Author = {Li, Yue Nan},
	Journal = {IEEE Signal Processing Letters},
	Number = {8},
	Pages = {803--806},
	Publisher = {IEEE},
	Title = {Quaternion polar harmonic transforms for color images},
	Volume = {20},
	Year = {2013}}

@article{chen2018multiple,
	Author = {Chen, Beijing and Yu, Ming and Tian, Yuhang and Li, Leida and Wang, Dingcheng and Sun, Xingming},
	Journal = {IET Image Processing},
	Number = {12},
	Pages = {2238--2249},
	Publisher = {IET},
	Title = {Multiple-parameter fractional quaternion {Fourier} transform and its application in colour image encryption},
	Volume = {12},
	Year = {2018}}

@article{chen2018quaternion,
	Author = {Chen, Beijing and Zhou, Chunfei and Jeon, Byeungwoo and Zheng, Yuhui and Wang, Jinwei},
	Journal = {Multimedia Tools and Applications},
	Number = {16},
	Pages = {20809--20837},
	Publisher = {Springer},
	Title = {Quaternion discrete fractional random transform for color image adaptive watermarking},
	Volume = {77},
	Year = {2018}}

@article{pei2011closed,
	Author = {Pei, Soo-Chang and Wen, Chia-Chang and Ding, Jian-Jiun},
	Journal = {IEEE Transactions on Signal Processing},
	Number = {5},
	Pages = {2124--2135},
	Publisher = {IEEE},
	Title = {Closed-form orthogonal number theoretic transform eigenvectors and the fast fractional NTT},
	Volume = {59},
	Year = {2011}}

@article{pedrouzo2017number,
	Author = {Pedrouzo-Ulloa, Alberto and Troncoso-Pastoriza, Juan Ram{\'o}n and P{\'e}rez-Gonz{\'a}lez, Fernando},
	Journal = {{IEEE} Trans. Inf. Forensics Security},
	Number = {5},
	Pages = {1125--1140},
	Publisher = {IEEE},
	Title = {Number theoretic transforms for secure signal processing},
	Volume = {12},
	Year = {2017}}

@article{chandra2014exact,
	Author = {Chandra, Shekhar and Svalbe, Imants},
	Journal = {IET Computer Vision},
	Number = {4},
	Pages = {338--346},
	Publisher = {IET},
	Title = {Exact image representation via a number-theoretic {Radon} transform},
	Volume = {8},
	Year = {2014}}

@inproceedings{hinton1984two,
	Author = {Hinton, OR and Saleh, RA},
	Booktitle = {IEE Proceedings G (Electronic Circuits and Systems)},
	Number = {6},
	Organization = {IET},
	Pages = {234--236},
	Title = {Two-dimensional discrete {Fourier} transform with small multiplicative complexity using number theoretic transforms},
	Volume = {131},
	Year = {1984}}

@article{knockaert1994generalized,
	Author = {Knockaert, Luc},
	Journal = {{IEEE} Trans. Signal Process.},
	Number = {11},
	Pages = {2967--2971},
	Publisher = {{IEEE}},
	Title = {A generalized {Mobius} transform and arithmetic {Fourier} transforms},
	Volume = {42},
	Year = {1994}}

@article{rajapaksha2014vlsi,
	Author = {Rajapaksha, Nilanka and Madanayake, Arjuna and Cintra, Renato J and Adikari, Jithra and Dimitrov, Vassil S},
	Journal = {{IEEE} Trans. Comput.},
	Number = {9},
	Pages = {2708--2715},
	Publisher = {IEEE},
	Title = {{VLSI} Computational Architectures for the Arithmetic Cosine Transform},
	Volume = {64},
	Year = {2014}}

@inproceedings{lu20072d,
	Author = {Lu, Zheng and Xu, Yi and Yang, Xiaokang and Song, Li and Traversoni, Leonardo},
	Booktitle = {2007 IEEE International Conference on Multimedia and Expo},
	Organization = {IEEE},
	Pages = {1715--1718},
	Title = {2D quaternion {Fourier} transform: the spectrum properties and its application in color image registration},
	Year = {2007}}

@article{ell2006hypercomplex,
	Author = {Ell, Todd A and Sangwine, Stephen J},
	Date-Modified = {2019-09-16 14:12:48 -0300},
	Journal = {IEEE Transactions on image processing},
	Number = {1},
	Pages = {22--35},
	Publisher = {IEEE},
	Title = {Hypercomplex {Fourier} transforms of color images},
	Volume = {16},
	Year = {2006}}

@article{smart2018algorithms,
	Author = {Smart, NP and others},
	Journal = {ECRYPT-CSA, H2020-ICT-2014 -- Project 645421},
	Title = {Algorithms, Key Size and Protocols Report (2018)},
	Year = {2018}}


@article{ribeiro2019eigenstructure,
	title={Eigenstructure and fractionalization of the quaternion discrete Fourier transform},
	author={Ribeiro, Guilherme B and Lima, Juliano B},
	journal={Optik},
	pages={163957},
	year={2019},
	publisher={Elsevier}
}

% ---------------------------

@article{shuman2013emerging,
	title={The emerging field of signal processing on graphs: Extending high-dimensional data analysis to networks and other irregular domains},
	author={Shuman, D.~I. and Narang, S.~K. and Frossard, P. and Ortega, A. and Vandergheynst, P.},
	journal={{IEEE} Signal Process. Mag.},
	volume={30},
	number={3},
	pages={83--98},
	year={2013},
	publisher={IEEE}
}

@misc{uabj,
	title = {{U}nidade {A}cad\^emica de {Belo Jardim da UFRPE} \'e lan\c cada oficialmente nesta segunda (05/03)},
	month={Mar\c{c}o},
	year={2018},
	note = {Acesso em: 10-02-2019},
	howpublished = {Ag\^encia de not\'icias da {UFRPE}. Dispon\'ivel em: \url{bit.ly/2WZeLG6}},
}

@article{christensen2013mooc,
	title={The {MOOC} phenomenon: Who takes massive open online courses and why?},
	author={Christensen, G. and Steinmetz, A. and Alcorn, B. and Bennett, A. and Woods, D. and Emanuel, E.},
	year={2013}
}

@article{severance2012teaching,
	title={Teaching the world: {D}aphne {K}oller and {C}oursera},
	author={Severance, C.},
	journal={Computer},
	volume={45},
	number={8},
	pages={8--9},
	year={2012},
	publisher={IEEE}
}

@inproceedings{segarra2015interpolation,
	title={Interpolation of graph signals using shift-invariant graph filters},
	author={Segarra, S. and Marques, A.~G. and Leus, G. and Ribeiro, A.},
	booktitle={Signal Processing Conference (EUSIPCO), 2015 23rd European},
	pages={210--214},
	year={2015},
	organization={IEEE}
}

@article{mckinsey2011big,
	title={Big data: the next frontier for innovation, competition and productivity},
	author={McKinsey, G.~I. and others},
	journal={McKinsey Global Institute},
	year={2011}
}

@article{jablonski2017graph,
	title={Graph signal processing in applications to sensor networks, smart grids and smart cities},
	author={Jab{\l}o{\'n}ski, I.},
	journal={IEEE Sensors Journal},
	year={2017},
	publisher={IEEE}
}

@misc{bondy2008graph,
	title={Graph theory, volume 244 of Graduate Texts in Mathematics},
	author={Bondy, J.~A. and Murty, U.~S.~R.},
	year={2008},
	publisher={Springer, New York}
}

@article{tsitsvero2016signals,
	title={Signals on graphs: Uncertainty principle and sampling},
	author={Tsitsvero, M. and Barbarossa, S. and Di Lorenzo, P.},
	journal={IEEE Transactions on Signal Processing},
	volume={64},
	number={18},
	pages={4845--4860},
	year={2016},
	publisher={IEEE}
}
@inproceedings{wang2015generalized,
	title={Generalized graph signal sampling and reconstruction},
	author={Wang, X. and Chen, J. and Gu, Y.},
	booktitle={Signal and Information Processing (GlobalSIP), 2015 IEEE Global Conference on},
	pages={567--571},
	year={2015},
	organization={IEEE}
}

@article{chen2016signal,
	title={Signal recovery on graphs: Fundamental limits of sampling strategies},
	author={Chen, S. and Varma, R. and Singh, A. and Kova{\v{c}}evi{\'c}, J.},
	journal={IEEE Transactions on Signal and Information Processing over Networks},
	volume={2},
	number={4},
	pages={539--554},
	year={2016},
	publisher={IEEE}
}

@article{deri2017spectral,
	title={Spectral projector-based graph Fourier transforms},
	author={Deri, J.~A. and Moura, J.~M.~F.},
	journal={arXiv preprint arXiv:1701.02690},
	year={2017}
}

@article{sardellitti2017graph,
	title={On the graph fourier transform for directed graphs},
	author={Sardellitti, S. and Barbarossa, S. and Di Lorenzo, P.},
	journal={IEEE Journal of Selected Topics in Signal Processing},
	year={2017},
	publisher={IEEE}
}

@article{hammond2011wavelets,
	title={Wavelets on graphs via spectral graph theory},
	author={Hammond, D.~K. and Vandergheynst, P. and Gribonval, R.},
	journal={Applied and Computational Harmonic Analysis},
	volume={30},
	number={2},
	pages={129--150},
	year={2011},
	publisher={Elsevier}
}

@book{chung1997spectral,
	title={Spectral graph theory},
	author={Chung, F.~R.~K.},
	number={92},
	year={1997},
	publisher={American Mathematical Soc.}
}

@book{lucchesi1979introduccao,
	title={Introdu{\c{c}}{\~a}o {\`a} teoria dos grafos},
	author={Lucchesi, C.~L.},
	year={1979},
	publisher={IMPA}
}

@book{valimaki1995discrete,
	title={Discrete-time modeling of acoustic tubes using fractional delay filters},
	author={V{\"a}lim{\"a}ki, V.},
	year={1995},
	publisher={Helsinki University of Technology}
}


@book{alan1989discrete,
	title={Discrete-time Signal Processing},
	author={Oppenheim, A.~V. and Schafer, R.~W.},
	isbn={9781292025728},
	year={2013},
	publisher={Pearson}
}


@book{oppenheim1997signals,
	title={Signals and Systems},
	author={Oppenheim, A.~V. and Willsky, A.~S. and Nawab, S.~H.},
	isbn={9780138147570},
	lccn={96019945},
	series={Prentice-Hall signal processing series},
	url={https://books.google.com.br/books?id=LwQqAQAAMAAJ},
	year={1997},
	publisher={Prentice Hall}
}

@article{sandryhaila2014big,
	title={Big data analysis with signal processing on graphs: Representation and processing of massive data sets with irregular structure},
	author={Sandryhaila, A. and Moura, J.~M.~F.},
	journal={{IEEE} Signal Process. Mag.},
	volume={31},
	number={5},
	pages={80--90},
	year={2014},
	publisher={IEEE}
}

@book{boggess2009first,
	title={A first course in wavelets with Fourier analysis},
	author={Boggess, A. and Narcowich, F.~J.},
	year={2009},
	publisher={John Wiley \& Sons}
}

@inproceedings{lima2014fractional,
	title={Fractional number-theoretic transforms based on matrix functions},
	author={Lima, J.~B. and de Souza, R.~M.~C. and Lima, P.~H.~E.~S.},
	booktitle={Acoustics, Speech and Signal Processing ({ICASSP}), 2014 {IEEE} International Conference on},
	pages={2614--2618},
	year={2014},
	organization={IEEE}
}


@book{higham2008functions,
	Author = {N. J. Higham},
	Title = {Functions of Matrices: Theory and Computation (Other Titles in Applied Mathematics)},
	Publisher = {Society for Industrial \& Applied Mathematics,U.S.},
	Year = {2008},
	ISBN = {0898716462}
}

@article{sandryhaila2013discrete,
	title={Discrete signal processing on graphs},
	author={Sandryhaila, A. and Moura, J. M. F.},
	journal={{IEEE} Trans. Signal Process.},
	volume={61},
	number={7},
	pages={1644--1656},
	year={2013},
	publisher={IEEE}
}

@article{chung2010graph,
	title={Graph theory in the information age},
	author={Chung, F.},
	journal={Notices of the AMS},
	volume={57},
	number={6},
	pages={726--732},
	year={2010}
}


@article{golubski2016,
	doi = {10.1016/j.tree.2016.02.006},
	year  = {2016},
	month = {may},
	publisher = {Elsevier {BV}},
	volume = {31},
	number = {5},
	pages = {344--354},
	author = {A. J. Golubski and E. E. Westlund and J. Vandermeer and M. Pascual},
	title = {Ecological Networks over the Edge: Hypergraph Trait-Mediated Indirect Interaction ({TMII}) Structure},
	journal = {Trends in Ecology {\&} Evolution}
}


@article{grassi2016tracking,
	title={Tracking Time-Vertex Propagation using Dynamic Graph Wavelets},
	author={Grassi, F. and Perraudin, N. and Ricaud, B.},
	journal={arXiv preprint arXiv:1606.06653},
	year={2016}
}


@inproceedings{sandryhaila2013gft,
	doi = {10.1109/icassp.2013.6638850},
	year  = {2013},
	month = {Maio},
	publisher = {Institute of Electrical and Electronics Engineers ({IEEE})},
	author = {A. Sandryhaila and J. M. F. Moura},
	title = {Discrete signal processing on graphs: Graph fourier transform},
	booktitle = {2013 {IEEE} International Conference on Acoustics,  Speech and Signal Processing}
}


@article{chen2015,
	doi = {10.1109/tsp.2015.2469645},
	url = {https://doi.org/10.1109%2Ftsp.2015.2469645},
	year  = {2015},
	month = {dec},
	publisher = {Institute of Electrical and Electronics Engineers ({IEEE})},
	volume = {63},
	number = {24},
	pages = {6510--6523},
	author = {S. Chen and R. Varma and A. Sandryhaila and J. Kova\u{c}evi\'{c}},
	title = {Discrete Signal Processing on Graphs: Sampling Theory},
	journal = {{IEEE} Trans. Signal Process.}
}

@article{sandryhaila2014frequency,
	doi = {10.1109/tsp.2014.2321121},
	year  = {2014},
	month = {Junho},
	publisher = {Institute of Electrical and Electronics Engineers ({IEEE})},
	volume = {62},
	number = {12},
	pages = {3042--3054},
	author = {A. Sandryhaila and J. M. F. Moura},
	title = {Discrete Signal Processing on Graphs: Frequency Analysis},
	journal = {{IEEE} Trans. Signal Process.}
}


@inproceedings{sandryhaila2013filters,
	doi = {10.1109/icassp.2013.6638849},
	year  = {2013},
	month = {Maio},
	publisher = {Institute of Electrical and Electronics Engineers ({IEEE})},
	author = {A. Sandryhaila and J. M. F. Moura},
	title = {Discrete signal processing on graphs: Graph filters},
	booktitle = {2013 {IEEE} International Conference on Acoustics,  Speech and Signal Processing}
}


@article{jain2014big,
	title={Big data+ big cities: Graph signals of urban air pollution [exploratory sp]},
	author={Jain, R.~K. and Moura, J.~M.~F. and Kontokosta, C.~E.},
	journal={{IEEE} Signal Process. Mag.},
	volume={31},
	number={5},
	pages={130--136},
	year={2014},
	publisher={IEEE}
}
% -------------
@article{alam2015toward,
	title={Toward social internet of vehicles: Concept, architecture, and applications},
	author={Alam, K. M. and Saini, M. and El Saddik, A.},
	journal={IEEE Access},
	volume={3},
	pages={343--357},
	year={2015},
	publisher={IEEE}
}


@inproceedings{ma2016non,
	title={Non-planar unclustered Peterson graphs as scale-free models of the Internet of Things},
	author={Ma, F. and Yao, B. and Yao, M.},
	booktitle={Information Technology, Networking, Electronic and Automation Control Conference, IEEE},
	pages={1040--1043},
	year={2016},
	organization={IEEE}
}

@article{yu2016novel,
	title={A Novel Multi-Feature Representation of Images for Heterogeneous {IoTs}},
	author={Yu, L. and Feng, L. and Chen, C. and Qiu, T. and Li, L. and Wu, J.},
	journal={IEEE Access},
	volume={4},
	pages={6204--6215},
	year={2016},
	publisher={IEEE}
}

@article{guo2016qos,
	title={A {QoS}-oriented High-Efficiency Resource Allocation Scheme in Wireless Multimedia Sensor Networks},
	author={Guo, L. and Ning, Z. and Song, Q. and Zhang, L. and Jamalipour, A.},
	journal={{IEEE} Sensors J.},
	year={2016},
	publisher={IEEE}
}


@article{veerachary2004signal,
	title={Signal flow graph modelling of multi-state boost {DC--DC} converters},
	author={Veerachary, M.},
	journal={IEE Proceedings-Electric Power Applications},
	volume={151},
	number={5},
	pages={583--589},
	year={2004},
	publisher={IET}
}

@inproceedings{peng2008modeling,
	title={Modeling and control of doubly fed induction generator wind turbines by using causal ordering graph during voltage dips},
	author={Peng, L. and Li, Y. and Francois, B.},
	booktitle={Electrical Machines and Systems, 2008. ICEMS 2008. International Conference on},
	pages={2412--2417},
	year={2008},
	organization={IEEE}
}


@article{gawthrop2016modular,
	title={Modular bond-graph modelling and analysis of biomolecular systems},
	author={Gawthrop, P. J. and Crampin, E. J.},
	journal={IET Systems Biology},
	volume={10},
	number={5},
	pages={187--201},
	year={2016},
	publisher={IET}
}


@article{steinbock2016hybrid,
	title={Hybrid Model for Reverberant Indoor Radio Channels Using Rays and Graphs},
	author={Steinb{\"o}ck, G. and Gan, M. and Meissner, P. and Leitinger, E. and Witrisal, K. and Zemen, T. and Pedersen, T.},
	journal={{IEEE} Trans. Antennas Propag},
	volume={64},
	number={9},
	pages={4036--4048},
	year={2016},
	publisher={IEEE}
}


@article{mei2016signal,
	title={Signal processing on graphs: Causal modeling of unstructured data},
	author={Mei, J. and Moura, J. M. F.},
	journal={{IEEE} Trans. Signal Process.},
	year={2016},
	publisher={IEEE}
}

@article{girault2015translation,
	doi = {10.1109/lsp.2015.2488279},
	url = {https://doi.org/10.1109/lsp.2015.2488279},
	year  = {2015},
	month = {dec},
	publisher = {Institute of Electrical and Electronics Engineers ({IEEE})},
	volume = {22},
	number = {12},
	pages = {2416--2420},
	author = {Benjamin Girault and Paulo Goncalves and Eric Fleury},
	title = {Translation on Graphs: An Isometric Shift Operator},
	journal = {{IEEE} Signal Processing Letters}
}

@inproceedings{girault2016localization,
	TITLE = {{Localization bounds for the graph translation}},
	AUTHOR = {Girault, Benjamin and Gon{\c c}alves, Paulo and Narayanan, Shrikanth and Ortega, Antonio},
	URL = {https://hal.inria.fr/hal-01368817},
	BOOKTITLE = {{IEEE Global Conference on Signal and Information Processing}},
	ADDRESS = {Washington DC, United States},
	YEAR = {2016},
	MONTH = Dec,
	KEYWORDS = {graph signal processing ; graph filters approximation ; graph translation},
	PDF = {https://hal.inria.fr/hal-01368817/file/global-sip-2016.pdf},
	HAL_ID = {hal-01368817},
	HAL_VERSION = {v1},
}

@inproceedings{girault2015stationary,
	TITLE = {{Stationary Graph Signals using an Isometric Graph Translation}},
	AUTHOR = {Girault, Benjamin},
	URL = {https://hal.inria.fr/hal-01155902},
	BOOKTITLE = {{Eusipco}},
	ADDRESS = {Nice, France},
	PAGES = {1531-1535},
	YEAR = {2015},
	MONTH = Aug,
	KEYWORDS = {Signal processing on graphs ; Stationary signals},
	PDF = {https://hal.inria.fr/hal-01155902/file/eusipco15.pdf},
	HAL_ID = {hal-01155902},
	HAL_VERSION = {v1},
}

@inproceedings{shuman2012windowed,
	title={A windowed graph Fourier transform},
	author={Shuman, D.~I. and Ricaud, B. and Vandergheynst, P.},
	booktitle={Statistical Signal Processing Workshop (SSP), 2012 IEEE},
	pages={133--136},
	year={2012},
	organization={Ieee}
}

@article{shuman2016vertex,
	title={Vertex-frequency analysis on graphs},
	author={Shuman, D.~I. and Ricaud, B. and Vandergheynst, P.},
	journal={Applied and Computational Harmonic Analysis},
	volume={40},
	number={2},
	pages={260--291},
	year={2016},
	publisher={Elsevier}
}

@phdthesis{chen2016data,
	title={Data Science with Graphs: A Signal Processing Perspective},
	author={Chen, Siheng},
	year={2016},
	note="\url{http://repository.cmu.edu/dissertations/724}",
	school={Carnegie Mellon University}
}

@article{feofiloff2011introduccao,
	title={Uma {I}ntrodu{\c{c}}{\~a}o {S}ucinta {\`a} {T}eoria dos {G}rafos},
	author={Feofiloff, Paulo and Kohayakawa, Yoshiharu and Wakabayashi, Yoshiko},
	note="\url{https://www.ime.usp.br/~pf/teoriadosgrafos/}",
	year={2011}
}

@inproceedings{mei2016signalb,
	title={Signal {P}rocessing on {G}raphs: {P}erformance of {G}raph {S}tructure {E}stimation},
	author={Mei, Jonathan and Moura, Jos{\'e} MF},
	booktitle={Acoustics, Speech and Signal Processing (ICASSP), 2016 IEEE International Conference on},
	pages={6165--6169},
	year={2016},
	organization={IEEE}
}

@inproceedings{Sardellitti2016,
	doi = {10.1109/globalsip.2016.7905863},
	url = {https://doi.org/10.1109/globalsip.2016.7905863},
	year  = {2016},
	month = {dec},
	publisher = {{IEEE}},
	author = {Stefania Sardellitti and Sergio Barbarossa and Paolo Di Lorenzo},
	title = {Graph {t}opology {i}nference {b}ased on {t}ransform {l}earning},
	booktitle = {2016 {IEEE} Global Conference on Signal and Information Processing ({GlobalSIP})}
}

@inproceedings{sandryhaila2012nearest,
	title={Nearest-neighbor {I}mage {M}odel},
	author={Sandryhaila, Aliaksei and Moura, Jos{\'e} MF},
	booktitle={Image Processing (ICIP), 2012 19th IEEE International Conference on},
	pages={2521--2524},
	year={2012},
	organization={IEEE}
}

@article{moura2006algebraic,
	author    = {Markus P{\"{u}}schel and
	Jos{\'{e}} M. F. Moura},
	title     = {Algebraic {S}ignal {P}rocessing {T}heory},
	journal   = {CoRR},
	volume    = {abs/cs/0612077},
	year      = {2006},
	url       = {http://arxiv.org/abs/cs/0612077},
	timestamp = {Wed, 07 Jun 2017 14:40:30 +0200},
	biburl    = {http://dblp.uni-trier.de/rec/bib/journals/corr/abs-cs-0612077},
	bibsource = {dblp computer science bibliography, http://dblp.org}
}

@ARTICLE{puschel2008time,
	AUTHOR = {Markus P{\"u}schel and Jos{\'e} M. F. Moura},
	TITLE = {Algebraic Signal Processing Theory: Foundation and {1-D} Time},
	JOURNAL = {IEEE Transactions on Signal Processing},
	VOLUME = {56},
	NUMBER = {8},
	PAGES = {3572--3585},
	YEAR = {2008}
}

@ARTICLE{puschel2008space,
	AUTHOR = {Markus P{\"u}schel and Jos{\'e} M. F. Moura},
	TITLE = {Algebraic Signal Processing Theory: {1-D} Space},
	JOURNAL = {IEEE Transactions on Signal Processing},
	VOLUME = {56},
	NUMBER = {8},
	PAGES = {3586--3599},
	YEAR = {2008}
}

@book{lancaster1985theory,
	title={The theory of matrices: with applications},
	author={Lancaster, Peter and Tismenetsky, Miron},
	year={1985},
	publisher={Elsevier}
}

@inproceedings{crovella2003graph,
	title={Graph wavelets for spatial traffic analysis},
	author={Crovella, Mark and Kolaczyk, Eric},
	booktitle={INFOCOM 2003. Twenty-Second Annual Joint Conference of the IEEE Computer and Communications. IEEE Societies},
	volume={3},
	pages={1848--1857},
	year={2003},
	organization={IEEE}
}

@article{jestrovic2017fast,
	title={A fast algorithm for vertex-frequency representations of signals on graphs},
	author={Jestrovi{\'c}, Iva and Coyle, James L and Sejdi{\'c}, Ervin},
	journal={Signal Processing},
	volume={131},
	pages={483--491},
	year={2017},
	publisher={Elsevier}
}

@article{qiu2017time,
	title={Time-Varying Graph Signal Reconstruction},
	author={Qiu, Kai and Mao, Xianghui and Shen, Xinyue and Wang, Xiaohan and Li, Tiejian and Gu, Yuantao},
	journal={IEEE Journal of Selected Topics in Signal Processing},
	volume={11},
	number={6},
	pages={870--883},
	year={2017},
	publisher={IEEE}
}

@article{segarra2017blind,
	title={Blind identification of graph filters},
	author={Segarra, Santiago and Mateos, Gonzalo and Marques, Antonio G and Ribeiro, Alejandro},
	journal={IEEE Transactions on Signal Processing},
	volume={65},
	number={5},
	pages={1146--1159},
	year={2017},
	publisher={IEEE}
}

@article{gavili2015shift,
	title={On the Shift Operator, Graph Frequency and Optimal Filtering in Graph Signal Processing},
	author={Gavili, Adnan and Zhang, Xiao-Ping},
	journal={arXiv preprint arXiv:1511.03512},
	year={2015}
}

@article{hu2015intra,
	title={Intra-prediction and generalized graph Fourier transform for image coding},
	author={Hu, Wei and Cheung, Gene and Ortega, Antonio},
	journal={IEEE Signal Processing Letters},
	volume={22},
	number={11},
	pages={1913--1917},
	year={2015},
	publisher={IEEE}
}

@article{jablonski2017graph,
	title={Graph signal processing in applications to sensor networks, smart grids and smart cities},
	author={Jab{\l}o{\'n}ski, Ireneusz},
	journal={IEEE Sensors Journal},
	year={2017},
	publisher={IEEE}
}

@inproceedings{deri2016big,
	title={Big Data computation of taxi movement in New York City},
	author={Deri, Joya A and Franchetti, Franz and Moura, Jos{\'e} MF},
	booktitle={Big Data (Big Data), 2016 IEEE International Conference on},
	pages={2616--2625},
	year={2016},
	organization={IEEE}
}

@inproceedings{ortolani2016quaternion,
	title={Quaternion digital signal processing: A hypercomplex approach to information processing},
	author={Ortolani, F. and Uncini, A.},
	booktitle={Control and Communications (SIBCON), 2016 International Siberian Conference on},
	pages={1--7},
	year={2016},
	organization={IEEE}
}

@book{mceliece2012finite,
	title={Finite fields for computer scientists and engineers},
	author={McEliece, R.~J.},
	volume={23},
	year={2012},
	publisher={Springer Science \& Business Media}
}

@book{blahut2010fast,
	title={Fast algorithms for signal processing},
	author={Blahut, R.~E.},
	year={2010},
	publisher={Cambridge University Press}
}

@article{xu2015theory,
	title={The Theory of Quaternion Matrix Derivatives.},
	author={Xu, Dongpo and Mandic, Danilo P},
	journal={IEEE Trans. Signal Processing},
	volume={63},
	number={6},
	pages={1543--1556},
	year={2015}
}

@book{hamilton1899elements,
	title={Elements of quaternions},
	author={Hamilton, W.~R.},
	volume={1},
	year={1899},
	publisher={Longmans, Green, and Company}
}

@article{familton2015,
	doi = {10.7916/d8fb521p},
	author = {Familton,  Johannes C.},
	keywords = {Mathematics--Study and teaching},
	title = {{Quaternions: A History of Complex Noncommutative Rotation Groups in Theoretical Physics}},
	publisher = {Columbia University},
	year = {2015},
	note={Columbia University. Tese de doutoramento}
}

@book{ell2014quaternion,
	title={Quaternion Fourier transforms for signal and image processing},
	author={Ell, T.~A. and Le Bihan, N. and Sangwine, S.~J.},
	year={2014},
	publisher={John Wiley \& Sons}
}


@INPROCEEDINGS{ell1993, 
	author={Ell, T.~A.}, 
	booktitle={Decision and Control, 1993., Proceedings of the 32nd IEEE Conference on}, 
	title={Quaternion-Fourier transforms for analysis of two-dimensional linear time-invariant partial differential systems}, 
	year={1993}, 
	pages={1830-1841 vol.2},
	doi={10.1109/CDC.1993.325510}, 
	month={Dec},}



@ARTICLE{sangwine1996, 
	author={Sangwine, S.~J.}, 
	journal={Electronics Letters}, 
	title={Fourier transforms of colour images using quaternion or hypercomplex, numbers}, 
	year={1996}, 
	volume={32}, 
	number={21}, 
	pages={1979-1980}, 
	keywords={Fourier transforms;image colour analysis;image processing;2D quaternion Fourier trans;colour image processing;frequency domain techniques;hypercomplex Fourier transform}, 
	doi={10.1049/el:19961331}, 
	ISSN={0013-5194}, 
	month={Oct},
}

@inproceedings{ell2000decomposition,
	title={Decomposition of 2D Hypercomplex Fourier transforms into pairs of complex fourier transforms},
	author={Ell, T.~A. and Sangwine, S.~J.},
	booktitle={EUSIPCO},
	pages={1--4},
	year={2000}
}

@inproceedings{varmeteorologicas,
	title={Vari\'aveis meteorol\'ogicas},
	author={F.~M. da Silva and M.~S. Chaves and Z.~M.~C. Lima},
	booktitle={Geografia {F}\'isica {II}},
	note={Teste},
	year={2009}
}

@book{rudin1987real,
	title={Real and complex analysis},
	author={Rudin, W.},
	year={1987},
	publisher={Tata McGraw-Hill Education}
}

@book{mallat1999wavelet,
	title={A wavelet tour of signal processing},
	author={Mallat, S.},
	year={1999},
	publisher={Academic press}
}

@inproceedings{spelta2018,
	title = {Online temperature estimation using graph signals},
	author={M.~J.~M. Spelta and W.~A. Martins},
	booktitle = {Anais do {XXXVI} Simp\'osio Brasileiro de Telecomunica\c{c}\~oes e Processamento de Sinais},
	pages={154--158},
	year={2018},
	publisher = {SBrT},
}

@book{burstall2004conformal,
	title={Conformal geometry of surfaces in S\textsuperscript{4} and quaternions},
	author={Burstall, F.~E. and Ferus, D. and Leschke, K. and Pedit, F. and Pinkall, U.},
	year={2004},
	publisher={Springer}
}
